<?xml version="1.0" encoding="UTF-8"?><collection xmlns="http://www.loc.gov/MARC21/slim"><record><leader>00414nam--2200133-i-4500</leader><controlfield tag="001">000032863</controlfield><controlfield tag="002">20161230</controlfield><controlfield tag="005">20161230201039</controlfield><controlfield tag="008">060222s1000------------r-----000-0-eng-d</controlfield><datafield ind1=" " ind2=" " tag="080"><subfield code="a">347:658.3</subfield></datafield><datafield ind1=" " ind2=" " tag="100"><subfield code="a">Marica, Petre, Florescu, Maria,  Si Stanoiu, Serban-viorel</subfield></datafield><datafield ind1=" " ind2=" " tag="245"><subfield code="a">Disciplina muncii in unitatile socialiste de stat</subfield></datafield><datafield ind1=" " ind2=" " tag="260"><subfield code="a">Bucuresti, Editura Stiintifica Si Enciclopedica, 1975, 225p</subfield></datafield><datafield ind1=" " ind2=" " tag="852"><subfield code="a">42765</subfield></datafield></record></collection>